<SRU:record><SRU:recordSchema>info:lc/xmlns/marcxchange-v1</SRU:recordSchema><SRU:recordPacking>xml</SRU:recordPacking><SRU:recordData><marcxchange:record format="normarc" type="Bibliographic" xmlns:marcxchange="info:lc/xmlns/marcxchange-v1"><marcxchange:leader>01555nam  2200469   4500</marcxchange:leader><marcxchange:controlfield tag="001">218758</marcxchange:controlfield><marcxchange:controlfield tag="008">140624                a          00nob</marcxchange:controlfield><marcxchange:datafield tag="015" ind1=" " ind2=" "><marcxchange:subfield code="a">10123707</marcxchange:subfield><marcxchange:subfield code="b">BibliofilID</marcxchange:subfield></marcxchange:datafield><marcxchange:datafield tag="019" ind1=" " ind2=" "><marcxchange:subfield code="b">dc,dj</marcxchange:subfield></marcxchange:datafield><marcxchange:datafield tag="020" ind1=" " ind2=" "><marcxchange:subfield code="a">978-82-16-15089-4</marcxchange:subfield></marcxchange:datafield><marcxchange:datafield tag="082" ind1="3" ind2=" "><marcxchange:subfield code="a">610.73</marcxchange:subfield></marcxchange:datafield><marcxchange:datafield tag="090" ind1=" " ind2=" "><marcxchange:subfield code="a">218758</marcxchange:subfield></marcxchange:datafield><marcxchange:datafield tag="245" ind1="1" ind2="0"><marcxchange:subfield code="a">Sentrale begreper i klinisk sykepleie</marcxchange:subfield><marcxchange:subfield code="h">daisy 2.02</marcxchange:subfield><marcxchange:subfield code="b">sykepleieboken 2</marcxchange:subfield><marcxchange:subfield code="c">Unni Knutstad (red.)</marcxchange:subfield></marcxchange:datafield><marcxchange:datafield tag="260" ind1=" " ind2=" "><marcxchange:subfield code="a">Oslo</marcxchange:subfield><marcxchange:subfield code="b">Norsk lyd- og blindeskriftbibliotek</marcxchange:subfield><marcxchange:subfield code="c">2014</marcxchange:subfield></marcxchange:datafield><marcxchange:datafield tag="300" ind1=" " ind2=" "><marcxchange:subfield code="a">32 t. 38 min.</marcxchange:subfield></marcxchange:datafield><marcxchange:datafield tag="500" ind1=" " ind2=" "><marcxchange:subfield code="a">1. utg. 2005. 1.-2. utg. med tittel: Teoretisk-metodisk grunnlag for klinisk sykepleie</marcxchange:subfield></marcxchange:datafield><marcxchange:datafield tag="511" ind1=" " ind2=" "><marcxchange:subfield code="a">Brage Talesyntese</marcxchange:subfield></marcxchange:datafield><marcxchange:datafield tag="592" ind1=" " ind2=" "><marcxchange:subfield code="a">16/07/2014</marcxchange:subfield></marcxchange:datafield><marcxchange:datafield tag="596" ind1=" " ind2=" "><marcxchange:subfield code="a">Oslo</marcxchange:subfield><marcxchange:subfield code="b">Akribe</marcxchange:subfield><marcxchange:subfield code="c">2010</marcxchange:subfield><marcxchange:subfield code="d">3. utg.</marcxchange:subfield><marcxchange:subfield code="e">506 s.</marcxchange:subfield><marcxchange:subfield code="f">978-82-7950-133-6</marcxchange:subfield></marcxchange:datafield><marcxchange:datafield tag="650" ind1=" " ind2="1"><marcxchange:subfield code="a">Sykepleie</marcxchange:subfield><marcxchange:subfield code="1">610.73</marcxchange:subfield></marcxchange:datafield><marcxchange:datafield tag="700" ind1="1" ind2="0"><marcxchange:subfield code="a">Alvsvåg, Herdis</marcxchange:subfield><marcxchange:subfield code="e">medf.</marcxchange:subfield></marcxchange:datafield><marcxchange:datafield tag="700" ind1="1" ind2="0"><marcxchange:subfield code="a">Bergland, Ådel</marcxchange:subfield><marcxchange:subfield code="e">medf.</marcxchange:subfield></marcxchange:datafield><marcxchange:datafield tag="700" ind1="1" ind2="0"><marcxchange:subfield code="a">Delmar, Charlotte</marcxchange:subfield><marcxchange:subfield code="e">medf.</marcxchange:subfield></marcxchange:datafield><marcxchange:datafield tag="700" ind1="1" ind2="0"><marcxchange:subfield code="a">Grov, Ellen Karine</marcxchange:subfield><marcxchange:subfield code="e">medf.</marcxchange:subfield></marcxchange:datafield><marcxchange:datafield tag="700" ind1="1" ind2="0"><marcxchange:subfield code="a">Hjortnæs, Anne-Karine</marcxchange:subfield><marcxchange:subfield code="e">medf.</marcxchange:subfield></marcxchange:datafield><marcxchange:datafield tag="700" ind1="1" ind2="0"><marcxchange:subfield code="a">Hopen, Liv</marcxchange:subfield><marcxchange:subfield code="e">medf.</marcxchange:subfield></marcxchange:datafield><marcxchange:datafield tag="700" ind1="1" ind2="0"><marcxchange:subfield code="a">Knutstad, Unni</marcxchange:subfield><marcxchange:subfield code="e">red.</marcxchange:subfield></marcxchange:datafield><marcxchange:datafield tag="700" ind1="1" ind2="0"><marcxchange:subfield code="a">Kveseth, Britt</marcxchange:subfield><marcxchange:subfield code="e">medf.</marcxchange:subfield></marcxchange:datafield><marcxchange:datafield tag="700" ind1="1" ind2="0"><marcxchange:subfield code="a">Langøen, Arne</marcxchange:subfield><marcxchange:subfield code="e">medf.</marcxchange:subfield></marcxchange:datafield><marcxchange:datafield tag="700" ind1="1" ind2="0"><marcxchange:subfield code="a">Lerdal,Anners</marcxchange:subfield><marcxchange:subfield code="e">medf.</marcxchange:subfield></marcxchange:datafield><marcxchange:datafield tag="700" ind1="1" ind2="0"><marcxchange:subfield code="a">Lillestø, Britt</marcxchange:subfield><marcxchange:subfield code="e">medf.</marcxchange:subfield></marcxchange:datafield><marcxchange:datafield tag="700" ind1="1" ind2="0"><marcxchange:subfield code="a">Lohne, Vibeke</marcxchange:subfield><marcxchange:subfield code="e">medf.</marcxchange:subfield></marcxchange:datafield><marcxchange:datafield tag="700" ind1="1" ind2="0"><marcxchange:subfield code="a">Mathisen, Lars</marcxchange:subfield><marcxchange:subfield code="e">medf.</marcxchange:subfield></marcxchange:datafield><marcxchange:datafield tag="700" ind1="1" ind2="0"><marcxchange:subfield code="a">Mikkelsen, Jane</marcxchange:subfield><marcxchange:subfield code="e">medf.</marcxchange:subfield></marcxchange:datafield><marcxchange:datafield tag="700" ind1="1" ind2="0"><marcxchange:subfield code="a">Müller, Kirsten Stig</marcxchange:subfield><marcxchange:subfield code="e">medf.</marcxchange:subfield></marcxchange:datafield><marcxchange:datafield tag="700" ind1="1" ind2="0"><marcxchange:subfield code="a">Reitan, Anne Marie</marcxchange:subfield><marcxchange:subfield code="e">medf.</marcxchange:subfield></marcxchange:datafield><marcxchange:datafield tag="700" ind1="1" ind2="0"><marcxchange:subfield code="a">Rustøen, Tone</marcxchange:subfield><marcxchange:subfield code="e">medf.</marcxchange:subfield></marcxchange:datafield><marcxchange:datafield tag="700" ind1="1" ind2="0"><marcxchange:subfield code="a">Segesten, Kerstin</marcxchange:subfield><marcxchange:subfield code="e">medf.</marcxchange:subfield></marcxchange:datafield><marcxchange:datafield tag="700" ind1="1" ind2="0"><marcxchange:subfield code="a">Stubhaug, Audun</marcxchange:subfield><marcxchange:subfield code="e">medf.</marcxchange:subfield></marcxchange:datafield><marcxchange:datafield tag="700" ind1="1" ind2="0"><marcxchange:subfield code="a">Utne, Inger</marcxchange:subfield><marcxchange:subfield code="e">medf.</marcxchange:subfield></marcxchange:datafield><marcxchange:datafield tag="850" ind1=" " ind2=" "><marcxchange:subfield code="a">2030251</marcxchange:subfield><marcxchange:subfield code="b">Studie Oslo</marcxchange:subfield><marcxchange:subfield code="f">9</marcxchange:subfield><marcxchange:subfield code="h">4</marcxchange:subfield><marcxchange:subfield code="x">2014-08-04T15:58+0200</marcxchange:subfield><marcxchange:subfield code="y">1900-01-01</marcxchange:subfield></marcxchange:datafield><marcxchange:datafield tag="850" ind1=" " ind2=" "><marcxchange:subfield code="a">2030251</marcxchange:subfield><marcxchange:subfield code="b">Studie Oslo</marcxchange:subfield><marcxchange:subfield code="f">9</marcxchange:subfield><marcxchange:subfield code="h">9</marcxchange:subfield><marcxchange:subfield code="x">2014-08-04T15:58+0200</marcxchange:subfield></marcxchange:datafield><marcxchange:datafield tag="850" ind1=" " ind2=" "><marcxchange:subfield code="a">2030251</marcxchange:subfield><marcxchange:subfield code="b">Studie Oslo</marcxchange:subfield><marcxchange:subfield code="f">9</marcxchange:subfield><marcxchange:subfield code="h">9</marcxchange:subfield><marcxchange:subfield code="x">2014-08-04T15:58+0200</marcxchange:subfield></marcxchange:datafield><marcxchange:datafield tag="850" ind1=" " ind2=" "><marcxchange:subfield code="a">2030251</marcxchange:subfield><marcxchange:subfield code="b">Studie Oslo</marcxchange:subfield><marcxchange:subfield code="f">9</marcxchange:subfield><marcxchange:subfield code="h">4</marcxchange:subfield><marcxchange:subfield code="x">2014-08-04T15:58+0200</marcxchange:subfield><marcxchange:subfield code="y">1900-01-18</marcxchange:subfield></marcxchange:datafield><marcxchange:datafield tag="850" ind1=" " ind2=" "><marcxchange:subfield code="a">2030251</marcxchange:subfield><marcxchange:subfield code="b">Studie Oslo</marcxchange:subfield><marcxchange:subfield code="f">9</marcxchange:subfield><marcxchange:subfield code="h">4</marcxchange:subfield><marcxchange:subfield code="x">2014-08-04T15:58+0200</marcxchange:subfield><marcxchange:subfield code="y">1900-01-01</marcxchange:subfield></marcxchange:datafield><marcxchange:datafield tag="850" ind1=" " ind2=" "><marcxchange:subfield code="a">2030251</marcxchange:subfield><marcxchange:subfield code="b">Studie Oslo</marcxchange:subfield><marcxchange:subfield code="f">9</marcxchange:subfield><marcxchange:subfield code="h">4</marcxchange:subfield><marcxchange:subfield code="x">2014-08-04T15:58+0200</marcxchange:subfield><marcxchange:subfield code="y">1900-01-26</marcxchange:subfield></marcxchange:datafield><marcxchange:datafield tag="850" ind1=" " ind2=" "><marcxchange:subfield code="a">2030251</marcxchange:subfield><marcxchange:subfield code="b">Studie Oslo</marcxchange:subfield><marcxchange:subfield code="f">9</marcxchange:subfield><marcxchange:subfield code="h">9</marcxchange:subfield><marcxchange:subfield code="x">2014-08-04T15:58+0200</marcxchange:subfield></marcxchange:datafield><marcxchange:datafield tag="856" ind1=" " ind2=" "><marcxchange:subfield code="u">URN:NBN:no-nb_nlb_</marcxchange:subfield><marcxchange:subfield code="s">499073089</marcxchange:subfield></marcxchange:datafield><marcxchange:datafield tag="996" ind1=" " ind2=" "><marcxchange:subfield code="u">http://websok.nlb.no/cgi-bin/websok?tnr=218758</marcxchange:subfield><marcxchange:subfield code="t">local</marcxchange:subfield></marcxchange:datafield></marcxchange:record></SRU:recordData><SRU:recordPosition>22</SRU:recordPosition></SRU:record>