<SRU:record><SRU:recordSchema>info:lc/xmlns/marcxchange-v1</SRU:recordSchema><SRU:recordPacking>xml</SRU:recordPacking><SRU:recordData><marcxchange:record format="normarc" type="Bibliographic" xmlns:marcxchange="info:lc/xmlns/marcxchange-v1"><marcxchange:leader>00798nam  2200241   4500</marcxchange:leader><marcxchange:controlfield tag="001">620907</marcxchange:controlfield><marcxchange:controlfield tag="008">131029                a          10nob</marcxchange:controlfield><marcxchange:datafield tag="015" ind1=" " ind2=" "><marcxchange:subfield code="a">10134132</marcxchange:subfield><marcxchange:subfield code="b">BibliofilID</marcxchange:subfield></marcxchange:datafield><marcxchange:datafield tag="019" ind1=" " ind2=" "><marcxchange:subfield code="b">dc,dj</marcxchange:subfield></marcxchange:datafield><marcxchange:datafield tag="090" ind1=" " ind2=" "><marcxchange:subfield code="a">620907</marcxchange:subfield></marcxchange:datafield><marcxchange:datafield tag="245" ind1=" " ind2=" "><marcxchange:subfield code="a">Vi menn (25+26/2014)</marcxchange:subfield><marcxchange:subfield code="h">daisy 2.02</marcxchange:subfield></marcxchange:datafield><marcxchange:datafield tag="260" ind1=" " ind2=" "><marcxchange:subfield code="a">Oslo</marcxchange:subfield><marcxchange:subfield code="b">Norsk lyd- og blindeskriftbibliotek</marcxchange:subfield><marcxchange:subfield code="c">2014</marcxchange:subfield></marcxchange:datafield><marcxchange:datafield tag="300" ind1=" " ind2=" "><marcxchange:subfield code="a">14 t. 2 min.</marcxchange:subfield></marcxchange:datafield><marcxchange:datafield tag="440" ind1=" " ind2=" "><marcxchange:subfield code="v">52 nr. pr.år</marcxchange:subfield></marcxchange:datafield><marcxchange:datafield tag="511" ind1=" " ind2=" "><marcxchange:subfield code="a">Brage Talesyntese</marcxchange:subfield></marcxchange:datafield><marcxchange:datafield tag="520" ind1=" " ind2=" "><marcxchange:subfield code="a">Vi Menn er Norges største magasin rettet mot menn. Det omhandler aktualitets-reportasjer,populærvitenskp,sport, bil/motor/båt/MC, teknologi, humor/erotikk, politikk, økonomi m.m.</marcxchange:subfield></marcxchange:datafield><marcxchange:datafield tag="592" ind1=" " ind2=" "><marcxchange:subfield code="a">15/07/2014</marcxchange:subfield></marcxchange:datafield><marcxchange:datafield tag="596" ind1=" " ind2=" "><marcxchange:subfield code="a">Oslo</marcxchange:subfield><marcxchange:subfield code="b">Hjemmet Mortensen</marcxchange:subfield><marcxchange:subfield code="c">2014</marcxchange:subfield></marcxchange:datafield><marcxchange:datafield tag="650" ind1=" " ind2=" "><marcxchange:subfield code="a">Tidsskrifter</marcxchange:subfield></marcxchange:datafield><marcxchange:datafield tag="780" ind1=" " ind2=" "><marcxchange:subfield code="w">620906</marcxchange:subfield></marcxchange:datafield><marcxchange:datafield tag="785" ind1=" " ind2=" "><marcxchange:subfield code="w">620908</marcxchange:subfield></marcxchange:datafield><marcxchange:datafield tag="850" ind1=" " ind2=" "><marcxchange:subfield code="a">2030251</marcxchange:subfield><marcxchange:subfield code="b">Oslo Lyd</marcxchange:subfield><marcxchange:subfield code="f">9</marcxchange:subfield><marcxchange:subfield code="h">4</marcxchange:subfield><marcxchange:subfield code="x">2014-08-04T15:58+0200</marcxchange:subfield><marcxchange:subfield code="y">1900-01-13</marcxchange:subfield></marcxchange:datafield><marcxchange:datafield tag="850" ind1=" " ind2=" "><marcxchange:subfield code="a">2030251</marcxchange:subfield><marcxchange:subfield code="b">Oslo Lyd</marcxchange:subfield><marcxchange:subfield code="f">9</marcxchange:subfield><marcxchange:subfield code="h">4</marcxchange:subfield><marcxchange:subfield code="x">2014-08-04T15:58+0200</marcxchange:subfield><marcxchange:subfield code="y">1900-01-13</marcxchange:subfield></marcxchange:datafield><marcxchange:datafield tag="850" ind1=" " ind2=" "><marcxchange:subfield code="a">2030251</marcxchange:subfield><marcxchange:subfield code="b">Oslo Lyd</marcxchange:subfield><marcxchange:subfield code="f">9</marcxchange:subfield><marcxchange:subfield code="h">4</marcxchange:subfield><marcxchange:subfield code="x">2014-08-04T15:58+0200</marcxchange:subfield><marcxchange:subfield code="y">1900-01-13</marcxchange:subfield></marcxchange:datafield><marcxchange:datafield tag="850" ind1=" " ind2=" "><marcxchange:subfield code="a">2030251</marcxchange:subfield><marcxchange:subfield code="b">Oslo Lyd</marcxchange:subfield><marcxchange:subfield code="f">9</marcxchange:subfield><marcxchange:subfield code="h">4</marcxchange:subfield><marcxchange:subfield code="x">2014-08-04T15:58+0200</marcxchange:subfield><marcxchange:subfield code="y">1900-01-13</marcxchange:subfield></marcxchange:datafield><marcxchange:datafield tag="850" ind1=" " ind2=" "><marcxchange:subfield code="a">2030251</marcxchange:subfield><marcxchange:subfield code="b">Oslo Lyd</marcxchange:subfield><marcxchange:subfield code="f">9</marcxchange:subfield><marcxchange:subfield code="h">4</marcxchange:subfield><marcxchange:subfield code="x">2014-08-04T15:58+0200</marcxchange:subfield><marcxchange:subfield code="y">1900-01-13</marcxchange:subfield></marcxchange:datafield><marcxchange:datafield tag="850" ind1=" " ind2=" "><marcxchange:subfield code="a">2030251</marcxchange:subfield><marcxchange:subfield code="b">Oslo Lyd</marcxchange:subfield><marcxchange:subfield code="f">9</marcxchange:subfield><marcxchange:subfield code="h">4</marcxchange:subfield><marcxchange:subfield code="x">2014-08-04T15:58+0200</marcxchange:subfield><marcxchange:subfield code="y">1900-01-13</marcxchange:subfield></marcxchange:datafield><marcxchange:datafield tag="850" ind1=" " ind2=" "><marcxchange:subfield code="a">2030251</marcxchange:subfield><marcxchange:subfield code="b">Oslo Lyd</marcxchange:subfield><marcxchange:subfield code="f">9</marcxchange:subfield><marcxchange:subfield code="h">4</marcxchange:subfield><marcxchange:subfield code="x">2014-08-04T15:58+0200</marcxchange:subfield><marcxchange:subfield code="y">1900-01-13</marcxchange:subfield></marcxchange:datafield><marcxchange:datafield tag="850" ind1=" " ind2=" "><marcxchange:subfield code="a">2030251</marcxchange:subfield><marcxchange:subfield code="b">Oslo Lyd</marcxchange:subfield><marcxchange:subfield code="f">9</marcxchange:subfield><marcxchange:subfield code="h">4</marcxchange:subfield><marcxchange:subfield code="x">2014-08-04T15:58+0200</marcxchange:subfield><marcxchange:subfield code="y">1900-01-13</marcxchange:subfield></marcxchange:datafield><marcxchange:datafield tag="850" ind1=" " ind2=" "><marcxchange:subfield code="a">2030251</marcxchange:subfield><marcxchange:subfield code="b">Oslo Lyd</marcxchange:subfield><marcxchange:subfield code="f">9</marcxchange:subfield><marcxchange:subfield code="h">4</marcxchange:subfield><marcxchange:subfield code="x">2014-08-04T15:58+0200</marcxchange:subfield><marcxchange:subfield code="y">1900-01-13</marcxchange:subfield></marcxchange:datafield><marcxchange:datafield tag="850" ind1=" " ind2=" "><marcxchange:subfield code="a">2030251</marcxchange:subfield><marcxchange:subfield code="b">Oslo Lyd</marcxchange:subfield><marcxchange:subfield code="f">9</marcxchange:subfield><marcxchange:subfield code="h">4</marcxchange:subfield><marcxchange:subfield code="x">2014-08-04T15:58+0200</marcxchange:subfield><marcxchange:subfield code="y">1900-01-13</marcxchange:subfield></marcxchange:datafield><marcxchange:datafield tag="850" ind1=" " ind2=" "><marcxchange:subfield code="a">2030251</marcxchange:subfield><marcxchange:subfield code="b">Oslo Lyd</marcxchange:subfield><marcxchange:subfield code="f">9</marcxchange:subfield><marcxchange:subfield code="h">4</marcxchange:subfield><marcxchange:subfield code="x">2014-08-04T15:58+0200</marcxchange:subfield><marcxchange:subfield code="y">1900-01-13</marcxchange:subfield></marcxchange:datafield><marcxchange:datafield tag="850" ind1=" " ind2=" "><marcxchange:subfield code="a">2030251</marcxchange:subfield><marcxchange:subfield code="b">Oslo Lyd</marcxchange:subfield><marcxchange:subfield code="f">9</marcxchange:subfield><marcxchange:subfield code="h">4</marcxchange:subfield><marcxchange:subfield code="x">2014-08-04T15:58+0200</marcxchange:subfield><marcxchange:subfield code="y">1900-01-13</marcxchange:subfield></marcxchange:datafield><marcxchange:datafield tag="850" ind1=" " ind2=" "><marcxchange:subfield code="a">2030251</marcxchange:subfield><marcxchange:subfield code="b">Oslo Lyd</marcxchange:subfield><marcxchange:subfield code="f">9</marcxchange:subfield><marcxchange:subfield code="h">4</marcxchange:subfield><marcxchange:subfield code="x">2014-08-04T15:58+0200</marcxchange:subfield><marcxchange:subfield code="y">1900-01-13</marcxchange:subfield></marcxchange:datafield><marcxchange:datafield tag="850" ind1=" " ind2=" "><marcxchange:subfield code="a">2030251</marcxchange:subfield><marcxchange:subfield code="b">Oslo Lyd</marcxchange:subfield><marcxchange:subfield code="f">9</marcxchange:subfield><marcxchange:subfield code="h">4</marcxchange:subfield><marcxchange:subfield code="x">2014-08-04T15:58+0200</marcxchange:subfield><marcxchange:subfield code="y">1900-01-13</marcxchange:subfield></marcxchange:datafield><marcxchange:datafield tag="850" ind1=" " ind2=" "><marcxchange:subfield code="a">2030251</marcxchange:subfield><marcxchange:subfield code="b">Oslo Lyd</marcxchange:subfield><marcxchange:subfield code="f">9</marcxchange:subfield><marcxchange:subfield code="h">4</marcxchange:subfield><marcxchange:subfield code="x">2014-08-04T15:58+0200</marcxchange:subfield><marcxchange:subfield code="y">1900-01-13</marcxchange:subfield></marcxchange:datafield><marcxchange:datafield tag="850" ind1=" " ind2=" "><marcxchange:subfield code="a">2030251</marcxchange:subfield><marcxchange:subfield code="b">Oslo Lyd</marcxchange:subfield><marcxchange:subfield code="f">9</marcxchange:subfield><marcxchange:subfield code="h">4</marcxchange:subfield><marcxchange:subfield code="x">2014-08-04T15:58+0200</marcxchange:subfield><marcxchange:subfield code="y">1900-01-13</marcxchange:subfield></marcxchange:datafield><marcxchange:datafield tag="850" ind1=" " ind2=" "><marcxchange:subfield code="a">2030251</marcxchange:subfield><marcxchange:subfield code="b">Oslo Lyd</marcxchange:subfield><marcxchange:subfield code="f">9</marcxchange:subfield><marcxchange:subfield code="h">4</marcxchange:subfield><marcxchange:subfield code="x">2014-08-04T15:58+0200</marcxchange:subfield><marcxchange:subfield code="y">1900-01-13</marcxchange:subfield></marcxchange:datafield><marcxchange:datafield tag="850" ind1=" " ind2=" "><marcxchange:subfield code="a">2030251</marcxchange:subfield><marcxchange:subfield code="b">Oslo Lyd</marcxchange:subfield><marcxchange:subfield code="f">9</marcxchange:subfield><marcxchange:subfield code="h">4</marcxchange:subfield><marcxchange:subfield code="x">2014-08-04T15:58+0200</marcxchange:subfield><marcxchange:subfield code="y">1900-01-13</marcxchange:subfield></marcxchange:datafield><marcxchange:datafield tag="850" ind1=" " ind2=" "><marcxchange:subfield code="a">2030251</marcxchange:subfield><marcxchange:subfield code="b">Oslo Lyd</marcxchange:subfield><marcxchange:subfield code="f">9</marcxchange:subfield><marcxchange:subfield code="h">4</marcxchange:subfield><marcxchange:subfield code="x">2014-08-04T15:58+0200</marcxchange:subfield><marcxchange:subfield code="y">1900-01-13</marcxchange:subfield></marcxchange:datafield><marcxchange:datafield tag="850" ind1=" " ind2=" "><marcxchange:subfield code="a">2030251</marcxchange:subfield><marcxchange:subfield code="b">Oslo Lyd</marcxchange:subfield><marcxchange:subfield code="f">9</marcxchange:subfield><marcxchange:subfield code="h">4</marcxchange:subfield><marcxchange:subfield code="x">2014-08-04T15:58+0200</marcxchange:subfield><marcxchange:subfield code="y">1900-01-13</marcxchange:subfield></marcxchange:datafield><marcxchange:datafield tag="850" ind1=" " ind2=" "><marcxchange:subfield code="a">2030251</marcxchange:subfield><marcxchange:subfield code="b">Oslo Lyd</marcxchange:subfield><marcxchange:subfield code="f">9</marcxchange:subfield><marcxchange:subfield code="h">4</marcxchange:subfield><marcxchange:subfield code="x">2014-08-04T15:58+0200</marcxchange:subfield><marcxchange:subfield code="y">1900-01-13</marcxchange:subfield></marcxchange:datafield><marcxchange:datafield tag="850" ind1=" " ind2=" "><marcxchange:subfield code="a">2030251</marcxchange:subfield><marcxchange:subfield code="b">Oslo Lyd</marcxchange:subfield><marcxchange:subfield code="f">9</marcxchange:subfield><marcxchange:subfield code="h">4</marcxchange:subfield><marcxchange:subfield code="x">2014-08-04T15:58+0200</marcxchange:subfield><marcxchange:subfield code="y">1900-01-13</marcxchange:subfield></marcxchange:datafield><marcxchange:datafield tag="850" ind1=" " ind2=" "><marcxchange:subfield code="a">2030251</marcxchange:subfield><marcxchange:subfield code="b">Oslo Lyd</marcxchange:subfield><marcxchange:subfield code="f">9</marcxchange:subfield><marcxchange:subfield code="h">4</marcxchange:subfield><marcxchange:subfield code="x">2014-08-04T15:58+0200</marcxchange:subfield><marcxchange:subfield code="y">1900-01-13</marcxchange:subfield></marcxchange:datafield><marcxchange:datafield tag="850" ind1=" " ind2=" "><marcxchange:subfield code="a">2030251</marcxchange:subfield><marcxchange:subfield code="b">Oslo Lyd</marcxchange:subfield><marcxchange:subfield code="f">9</marcxchange:subfield><marcxchange:subfield code="h">4</marcxchange:subfield><marcxchange:subfield code="x">2014-08-04T15:58+0200</marcxchange:subfield><marcxchange:subfield code="y">1900-01-13</marcxchange:subfield></marcxchange:datafield><marcxchange:datafield tag="850" ind1=" " ind2=" "><marcxchange:subfield code="a">2030251</marcxchange:subfield><marcxchange:subfield code="b">Oslo Lyd</marcxchange:subfield><marcxchange:subfield code="f">9</marcxchange:subfield><marcxchange:subfield code="h">4</marcxchange:subfield><marcxchange:subfield code="x">2014-08-04T15:58+0200</marcxchange:subfield><marcxchange:subfield code="y">1900-01-13</marcxchange:subfield></marcxchange:datafield><marcxchange:datafield tag="850" ind1=" " ind2=" "><marcxchange:subfield code="a">2030251</marcxchange:subfield><marcxchange:subfield code="b">Oslo Lyd</marcxchange:subfield><marcxchange:subfield code="f">9</marcxchange:subfield><marcxchange:subfield code="h">4</marcxchange:subfield><marcxchange:subfield code="x">2014-08-04T15:58+0200</marcxchange:subfield><marcxchange:subfield code="y">1900-01-13</marcxchange:subfield></marcxchange:datafield><marcxchange:datafield tag="850" ind1=" " ind2=" "><marcxchange:subfield code="a">2030251</marcxchange:subfield><marcxchange:subfield code="b">Oslo Lyd</marcxchange:subfield><marcxchange:subfield code="f">9</marcxchange:subfield><marcxchange:subfield code="h">0</marcxchange:subfield><marcxchange:subfield code="x">2014-08-04T15:58+0200</marcxchange:subfield></marcxchange:datafield><marcxchange:datafield tag="850" ind1=" " ind2=" "><marcxchange:subfield code="a">2030251</marcxchange:subfield><marcxchange:subfield code="b">Oslo Lyd</marcxchange:subfield><marcxchange:subfield code="f">9</marcxchange:subfield><marcxchange:subfield code="h">4</marcxchange:subfield><marcxchange:subfield code="x">2014-08-04T15:58+0200</marcxchange:subfield><marcxchange:subfield code="y">1900-01-13</marcxchange:subfield></marcxchange:datafield><marcxchange:datafield tag="850" ind1=" " ind2=" "><marcxchange:subfield code="a">2030251</marcxchange:subfield><marcxchange:subfield code="b">Oslo Lyd</marcxchange:subfield><marcxchange:subfield code="f">9</marcxchange:subfield><marcxchange:subfield code="h">4</marcxchange:subfield><marcxchange:subfield code="x">2014-08-04T15:58+0200</marcxchange:subfield><marcxchange:subfield code="y">1900-01-13</marcxchange:subfield></marcxchange:datafield><marcxchange:datafield tag="850" ind1=" " ind2=" "><marcxchange:subfield code="a">2030251</marcxchange:subfield><marcxchange:subfield code="b">Oslo Lyd</marcxchange:subfield><marcxchange:subfield code="f">9</marcxchange:subfield><marcxchange:subfield code="h">4</marcxchange:subfield><marcxchange:subfield code="x">2014-08-04T15:58+0200</marcxchange:subfield><marcxchange:subfield code="y">1900-01-13</marcxchange:subfield></marcxchange:datafield><marcxchange:datafield tag="850" ind1=" " ind2=" "><marcxchange:subfield code="a">2030251</marcxchange:subfield><marcxchange:subfield code="b">Oslo Lyd</marcxchange:subfield><marcxchange:subfield code="f">9</marcxchange:subfield><marcxchange:subfield code="h">4</marcxchange:subfield><marcxchange:subfield code="x">2014-08-04T15:58+0200</marcxchange:subfield><marcxchange:subfield code="y">1900-01-13</marcxchange:subfield></marcxchange:datafield><marcxchange:datafield tag="850" ind1=" " ind2=" "><marcxchange:subfield code="a">2030251</marcxchange:subfield><marcxchange:subfield code="b">Oslo Lyd</marcxchange:subfield><marcxchange:subfield code="f">9</marcxchange:subfield><marcxchange:subfield code="h">4</marcxchange:subfield><marcxchange:subfield code="x">2014-08-04T15:58+0200</marcxchange:subfield><marcxchange:subfield code="y">1900-01-13</marcxchange:subfield></marcxchange:datafield><marcxchange:datafield tag="850" ind1=" " ind2=" "><marcxchange:subfield code="a">2030251</marcxchange:subfield><marcxchange:subfield code="b">Oslo Lyd</marcxchange:subfield><marcxchange:subfield code="f">9</marcxchange:subfield><marcxchange:subfield code="h">4</marcxchange:subfield><marcxchange:subfield code="x">2014-08-04T15:58+0200</marcxchange:subfield><marcxchange:subfield code="y">1900-01-13</marcxchange:subfield></marcxchange:datafield><marcxchange:datafield tag="850" ind1=" " ind2=" "><marcxchange:subfield code="a">2030251</marcxchange:subfield><marcxchange:subfield code="b">Oslo Lyd</marcxchange:subfield><marcxchange:subfield code="f">9</marcxchange:subfield><marcxchange:subfield code="h">4</marcxchange:subfield><marcxchange:subfield code="x">2014-08-04T15:58+0200</marcxchange:subfield><marcxchange:subfield code="y">1900-01-13</marcxchange:subfield></marcxchange:datafield><marcxchange:datafield tag="850" ind1=" " ind2=" "><marcxchange:subfield code="a">2030251</marcxchange:subfield><marcxchange:subfield code="b">Oslo Lyd</marcxchange:subfield><marcxchange:subfield code="f">9</marcxchange:subfield><marcxchange:subfield code="h">4</marcxchange:subfield><marcxchange:subfield code="x">2014-08-04T15:58+0200</marcxchange:subfield><marcxchange:subfield code="y">1900-01-13</marcxchange:subfield></marcxchange:datafield><marcxchange:datafield tag="850" ind1=" " ind2=" "><marcxchange:subfield code="a">2030251</marcxchange:subfield><marcxchange:subfield code="b">Oslo Lyd</marcxchange:subfield><marcxchange:subfield code="f">9</marcxchange:subfield><marcxchange:subfield code="h">4</marcxchange:subfield><marcxchange:subfield code="x">2014-08-04T15:58+0200</marcxchange:subfield><marcxchange:subfield code="y">1900-01-13</marcxchange:subfield></marcxchange:datafield><marcxchange:datafield tag="850" ind1=" " ind2=" "><marcxchange:subfield code="a">2030251</marcxchange:subfield><marcxchange:subfield code="b">Oslo Lyd</marcxchange:subfield><marcxchange:subfield code="f">9</marcxchange:subfield><marcxchange:subfield code="h">4</marcxchange:subfield><marcxchange:subfield code="x">2014-08-04T15:58+0200</marcxchange:subfield><marcxchange:subfield code="y">1900-01-13</marcxchange:subfield></marcxchange:datafield><marcxchange:datafield tag="850" ind1=" " ind2=" "><marcxchange:subfield code="a">2030251</marcxchange:subfield><marcxchange:subfield code="b">Oslo Lyd</marcxchange:subfield><marcxchange:subfield code="f">9</marcxchange:subfield><marcxchange:subfield code="h">4</marcxchange:subfield><marcxchange:subfield code="x">2014-08-04T15:58+0200</marcxchange:subfield><marcxchange:subfield code="y">1900-01-13</marcxchange:subfield></marcxchange:datafield><marcxchange:datafield tag="850" ind1=" " ind2=" "><marcxchange:subfield code="a">2030251</marcxchange:subfield><marcxchange:subfield code="b">Oslo Lyd</marcxchange:subfield><marcxchange:subfield code="f">9</marcxchange:subfield><marcxchange:subfield code="h">4</marcxchange:subfield><marcxchange:subfield code="x">2014-08-04T15:58+0200</marcxchange:subfield><marcxchange:subfield code="y">1900-01-13</marcxchange:subfield></marcxchange:datafield><marcxchange:datafield tag="850" ind1=" " ind2=" "><marcxchange:subfield code="a">2030251</marcxchange:subfield><marcxchange:subfield code="b">Oslo Lyd</marcxchange:subfield><marcxchange:subfield code="f">9</marcxchange:subfield><marcxchange:subfield code="h">4</marcxchange:subfield><marcxchange:subfield code="x">2014-08-04T15:58+0200</marcxchange:subfield><marcxchange:subfield code="y">1900-01-25</marcxchange:subfield></marcxchange:datafield><marcxchange:datafield tag="850" ind1=" " ind2=" "><marcxchange:subfield code="a">2030251</marcxchange:subfield><marcxchange:subfield code="b">Oslo Lyd</marcxchange:subfield><marcxchange:subfield code="f">9</marcxchange:subfield><marcxchange:subfield code="h">4</marcxchange:subfield><marcxchange:subfield code="x">2014-08-04T15:58+0200</marcxchange:subfield><marcxchange:subfield code="y">1900-01-13</marcxchange:subfield></marcxchange:datafield><marcxchange:datafield tag="850" ind1=" " ind2=" "><marcxchange:subfield code="a">2030251</marcxchange:subfield><marcxchange:subfield code="b">Oslo Lyd</marcxchange:subfield><marcxchange:subfield code="f">9</marcxchange:subfield><marcxchange:subfield code="h">9</marcxchange:subfield><marcxchange:subfield code="x">2014-08-04T15:58+0200</marcxchange:subfield></marcxchange:datafield><marcxchange:datafield tag="850" ind1=" " ind2=" "><marcxchange:subfield code="a">2030251</marcxchange:subfield><marcxchange:subfield code="b">Oslo Lyd</marcxchange:subfield><marcxchange:subfield code="f">9</marcxchange:subfield><marcxchange:subfield code="h">9</marcxchange:subfield><marcxchange:subfield code="x">2014-08-04T15:58+0200</marcxchange:subfield></marcxchange:datafield><marcxchange:datafield tag="850" ind1=" " ind2=" "><marcxchange:subfield code="a">2030251</marcxchange:subfield><marcxchange:subfield code="b">Oslo Lyd</marcxchange:subfield><marcxchange:subfield code="f">9</marcxchange:subfield><marcxchange:subfield code="h">9</marcxchange:subfield><marcxchange:subfield code="x">2014-08-04T15:58+0200</marcxchange:subfield></marcxchange:datafield><marcxchange:datafield tag="850" ind1=" " ind2=" "><marcxchange:subfield code="a">2030251</marcxchange:subfield><marcxchange:subfield code="b">Oslo Lyd</marcxchange:subfield><marcxchange:subfield code="f">9</marcxchange:subfield><marcxchange:subfield code="h">9</marcxchange:subfield><marcxchange:subfield code="x">2014-08-04T15:58+0200</marcxchange:subfield></marcxchange:datafield><marcxchange:datafield tag="850" ind1=" " ind2=" "><marcxchange:subfield code="a">2030251</marcxchange:subfield><marcxchange:subfield code="b">Oslo Lyd</marcxchange:subfield><marcxchange:subfield code="f">9</marcxchange:subfield><marcxchange:subfield code="h">9</marcxchange:subfield><marcxchange:subfield code="x">2014-08-04T15:58+0200</marcxchange:subfield></marcxchange:datafield><marcxchange:datafield tag="850" ind1=" " ind2=" "><marcxchange:subfield code="a">2030251</marcxchange:subfield><marcxchange:subfield code="b">Oslo Lyd</marcxchange:subfield><marcxchange:subfield code="f">9</marcxchange:subfield><marcxchange:subfield code="h">9</marcxchange:subfield><marcxchange:subfield code="x">2014-08-04T15:58+0200</marcxchange:subfield></marcxchange:datafield><marcxchange:datafield tag="850" ind1=" " ind2=" "><marcxchange:subfield code="a">2030251</marcxchange:subfield><marcxchange:subfield code="b">Oslo Lyd</marcxchange:subfield><marcxchange:subfield code="f">9</marcxchange:subfield><marcxchange:subfield code="h">9</marcxchange:subfield><marcxchange:subfield code="x">2014-08-04T15:58+0200</marcxchange:subfield></marcxchange:datafield><marcxchange:datafield tag="850" ind1=" " ind2=" "><marcxchange:subfield code="a">2030251</marcxchange:subfield><marcxchange:subfield code="b">Oslo Lyd</marcxchange:subfield><marcxchange:subfield code="f">9</marcxchange:subfield><marcxchange:subfield code="h">9</marcxchange:subfield><marcxchange:subfield code="x">2014-08-04T15:58+0200</marcxchange:subfield></marcxchange:datafield><marcxchange:datafield tag="850" ind1=" " ind2=" "><marcxchange:subfield code="a">2030251</marcxchange:subfield><marcxchange:subfield code="b">Oslo Lyd</marcxchange:subfield><marcxchange:subfield code="f">9</marcxchange:subfield><marcxchange:subfield code="h">9</marcxchange:subfield><marcxchange:subfield code="x">2014-08-04T15:58+0200</marcxchange:subfield></marcxchange:datafield><marcxchange:datafield tag="850" ind1=" " ind2=" "><marcxchange:subfield code="a">2030251</marcxchange:subfield><marcxchange:subfield code="b">Oslo Lyd</marcxchange:subfield><marcxchange:subfield code="f">9</marcxchange:subfield><marcxchange:subfield code="h">9</marcxchange:subfield><marcxchange:subfield code="x">2014-08-04T15:58+0200</marcxchange:subfield></marcxchange:datafield><marcxchange:datafield tag="850" ind1=" " ind2=" "><marcxchange:subfield code="a">2030251</marcxchange:subfield><marcxchange:subfield code="b">Oslo Lyd</marcxchange:subfield><marcxchange:subfield code="f">9</marcxchange:subfield><marcxchange:subfield code="h">9</marcxchange:subfield><marcxchange:subfield code="x">2014-08-04T15:58+0200</marcxchange:subfield></marcxchange:datafield><marcxchange:datafield tag="850" ind1=" " ind2=" "><marcxchange:subfield code="a">2030251</marcxchange:subfield><marcxchange:subfield code="b">Oslo Lyd</marcxchange:subfield><marcxchange:subfield code="f">9</marcxchange:subfield><marcxchange:subfield code="h">9</marcxchange:subfield><marcxchange:subfield code="x">2014-08-04T15:58+0200</marcxchange:subfield></marcxchange:datafield><marcxchange:datafield tag="850" ind1=" " ind2=" "><marcxchange:subfield code="a">2030251</marcxchange:subfield><marcxchange:subfield code="b">Oslo Lyd</marcxchange:subfield><marcxchange:subfield code="f">9</marcxchange:subfield><marcxchange:subfield code="h">9</marcxchange:subfield><marcxchange:subfield code="x">2014-08-04T15:58+0200</marcxchange:subfield></marcxchange:datafield><marcxchange:datafield tag="850" ind1=" " ind2=" "><marcxchange:subfield code="a">2030251</marcxchange:subfield><marcxchange:subfield code="b">Oslo Lyd</marcxchange:subfield><marcxchange:subfield code="f">9</marcxchange:subfield><marcxchange:subfield code="h">9</marcxchange:subfield><marcxchange:subfield code="x">2014-08-04T15:58+0200</marcxchange:subfield></marcxchange:datafield><marcxchange:datafield tag="850" ind1=" " ind2=" "><marcxchange:subfield code="a">2030251</marcxchange:subfield><marcxchange:subfield code="b">Oslo Lyd</marcxchange:subfield><marcxchange:subfield code="f">9</marcxchange:subfield><marcxchange:subfield code="h">9</marcxchange:subfield><marcxchange:subfield code="x">2014-08-04T15:58+0200</marcxchange:subfield></marcxchange:datafield><marcxchange:datafield tag="850" ind1=" " ind2=" "><marcxchange:subfield code="a">2030251</marcxchange:subfield><marcxchange:subfield code="b">Oslo Lyd</marcxchange:subfield><marcxchange:subfield code="f">9</marcxchange:subfield><marcxchange:subfield code="h">9</marcxchange:subfield><marcxchange:subfield code="x">2014-08-04T15:58+0200</marcxchange:subfield></marcxchange:datafield><marcxchange:datafield tag="850" ind1=" " ind2=" "><marcxchange:subfield code="a">2030251</marcxchange:subfield><marcxchange:subfield code="b">Oslo Lyd</marcxchange:subfield><marcxchange:subfield code="f">9</marcxchange:subfield><marcxchange:subfield code="h">9</marcxchange:subfield><marcxchange:subfield code="x">2014-08-04T15:58+0200</marcxchange:subfield></marcxchange:datafield><marcxchange:datafield tag="850" ind1=" " ind2=" "><marcxchange:subfield code="a">2030251</marcxchange:subfield><marcxchange:subfield code="b">Oslo Lyd</marcxchange:subfield><marcxchange:subfield code="f">9</marcxchange:subfield><marcxchange:subfield code="h">9</marcxchange:subfield><marcxchange:subfield code="x">2014-08-04T15:58+0200</marcxchange:subfield></marcxchange:datafield><marcxchange:datafield tag="850" ind1=" " ind2=" "><marcxchange:subfield code="a">2030251</marcxchange:subfield><marcxchange:subfield code="b">Oslo Lyd</marcxchange:subfield><marcxchange:subfield code="f">9</marcxchange:subfield><marcxchange:subfield code="h">9</marcxchange:subfield><marcxchange:subfield code="x">2014-08-04T15:58+0200</marcxchange:subfield></marcxchange:datafield><marcxchange:datafield tag="850" ind1=" " ind2=" "><marcxchange:subfield code="a">2030251</marcxchange:subfield><marcxchange:subfield code="b">Oslo Lyd</marcxchange:subfield><marcxchange:subfield code="f">9</marcxchange:subfield><marcxchange:subfield code="h">9</marcxchange:subfield><marcxchange:subfield code="x">2014-08-04T15:58+0200</marcxchange:subfield></marcxchange:datafield><marcxchange:datafield tag="850" ind1=" " ind2=" "><marcxchange:subfield code="a">2030251</marcxchange:subfield><marcxchange:subfield code="b">Oslo Lyd</marcxchange:subfield><marcxchange:subfield code="f">9</marcxchange:subfield><marcxchange:subfield code="h">9</marcxchange:subfield><marcxchange:subfield code="x">2014-08-04T15:58+0200</marcxchange:subfield></marcxchange:datafield><marcxchange:datafield tag="850" ind1=" " ind2=" "><marcxchange:subfield code="a">2030251</marcxchange:subfield><marcxchange:subfield code="b">Oslo Lyd</marcxchange:subfield><marcxchange:subfield code="f">9</marcxchange:subfield><marcxchange:subfield code="h">9</marcxchange:subfield><marcxchange:subfield code="x">2014-08-04T15:58+0200</marcxchange:subfield></marcxchange:datafield><marcxchange:datafield tag="850" ind1=" " ind2=" "><marcxchange:subfield code="a">2030251</marcxchange:subfield><marcxchange:subfield code="b">Oslo Lyd</marcxchange:subfield><marcxchange:subfield code="f">9</marcxchange:subfield><marcxchange:subfield code="h">9</marcxchange:subfield><marcxchange:subfield code="x">2014-08-04T15:58+0200</marcxchange:subfield></marcxchange:datafield><marcxchange:datafield tag="850" ind1=" " ind2=" "><marcxchange:subfield code="a">2030251</marcxchange:subfield><marcxchange:subfield code="b">Oslo Lyd</marcxchange:subfield><marcxchange:subfield code="f">9</marcxchange:subfield><marcxchange:subfield code="h">9</marcxchange:subfield><marcxchange:subfield code="x">2014-08-04T15:58+0200</marcxchange:subfield></marcxchange:datafield><marcxchange:datafield tag="850" ind1=" " ind2=" "><marcxchange:subfield code="a">2030251</marcxchange:subfield><marcxchange:subfield code="b">Oslo Lyd</marcxchange:subfield><marcxchange:subfield code="f">9</marcxchange:subfield><marcxchange:subfield code="h">9</marcxchange:subfield><marcxchange:subfield code="x">2014-08-04T15:58+0200</marcxchange:subfield></marcxchange:datafield><marcxchange:datafield tag="850" ind1=" " ind2=" "><marcxchange:subfield code="a">2030251</marcxchange:subfield><marcxchange:subfield code="b">Oslo Lyd</marcxchange:subfield><marcxchange:subfield code="f">9</marcxchange:subfield><marcxchange:subfield code="h">9</marcxchange:subfield><marcxchange:subfield code="x">2014-08-04T15:58+0200</marcxchange:subfield></marcxchange:datafield><marcxchange:datafield tag="850" ind1=" " ind2=" "><marcxchange:subfield code="a">2030251</marcxchange:subfield><marcxchange:subfield code="b">Oslo Lyd</marcxchange:subfield><marcxchange:subfield code="f">9</marcxchange:subfield><marcxchange:subfield code="h">9</marcxchange:subfield><marcxchange:subfield code="x">2014-08-04T15:58+0200</marcxchange:subfield></marcxchange:datafield><marcxchange:datafield tag="850" ind1=" " ind2=" "><marcxchange:subfield code="a">2030251</marcxchange:subfield><marcxchange:subfield code="b">Oslo Lyd</marcxchange:subfield><marcxchange:subfield code="f">9</marcxchange:subfield><marcxchange:subfield code="h">9</marcxchange:subfield><marcxchange:subfield code="x">2014-08-04T15:58+0200</marcxchange:subfield></marcxchange:datafield><marcxchange:datafield tag="850" ind1=" " ind2=" "><marcxchange:subfield code="a">2030251</marcxchange:subfield><marcxchange:subfield code="b">Oslo Lyd</marcxchange:subfield><marcxchange:subfield code="f">9</marcxchange:subfield><marcxchange:subfield code="h">9</marcxchange:subfield><marcxchange:subfield code="x">2014-08-04T15:58+0200</marcxchange:subfield></marcxchange:datafield><marcxchange:datafield tag="850" ind1=" " ind2=" "><marcxchange:subfield code="a">2030251</marcxchange:subfield><marcxchange:subfield code="b">Oslo Lyd</marcxchange:subfield><marcxchange:subfield code="f">9</marcxchange:subfield><marcxchange:subfield code="h">9</marcxchange:subfield><marcxchange:subfield code="x">2014-08-04T15:58+0200</marcxchange:subfield></marcxchange:datafield><marcxchange:datafield tag="850" ind1=" " ind2=" "><marcxchange:subfield code="a">2030251</marcxchange:subfield><marcxchange:subfield code="b">Oslo Lyd</marcxchange:subfield><marcxchange:subfield code="f">9</marcxchange:subfield><marcxchange:subfield code="h">9</marcxchange:subfield><marcxchange:subfield code="x">2014-08-04T15:58+0200</marcxchange:subfield></marcxchange:datafield><marcxchange:datafield tag="850" ind1=" " ind2=" "><marcxchange:subfield code="a">2030251</marcxchange:subfield><marcxchange:subfield code="b">Oslo Lyd</marcxchange:subfield><marcxchange:subfield code="f">9</marcxchange:subfield><marcxchange:subfield code="h">9</marcxchange:subfield><marcxchange:subfield code="x">2014-08-04T15:58+0200</marcxchange:subfield></marcxchange:datafield><marcxchange:datafield tag="850" ind1=" " ind2=" "><marcxchange:subfield code="a">2030251</marcxchange:subfield><marcxchange:subfield code="b">Oslo Lyd</marcxchange:subfield><marcxchange:subfield code="f">9</marcxchange:subfield><marcxchange:subfield code="h">9</marcxchange:subfield><marcxchange:subfield code="x">2014-08-04T15:58+0200</marcxchange:subfield></marcxchange:datafield><marcxchange:datafield tag="850" ind1=" " ind2=" "><marcxchange:subfield code="a">2030251</marcxchange:subfield><marcxchange:subfield code="b">Oslo Lyd</marcxchange:subfield><marcxchange:subfield code="f">9</marcxchange:subfield><marcxchange:subfield code="h">9</marcxchange:subfield><marcxchange:subfield code="x">2014-08-04T15:58+0200</marcxchange:subfield></marcxchange:datafield><marcxchange:datafield tag="850" ind1=" " ind2=" "><marcxchange:subfield code="a">2030251</marcxchange:subfield><marcxchange:subfield code="b">Oslo Lyd</marcxchange:subfield><marcxchange:subfield code="f">9</marcxchange:subfield><marcxchange:subfield code="h">9</marcxchange:subfield><marcxchange:subfield code="x">2014-08-04T15:58+0200</marcxchange:subfield></marcxchange:datafield><marcxchange:datafield tag="850" ind1=" " ind2=" "><marcxchange:subfield code="a">2030251</marcxchange:subfield><marcxchange:subfield code="b">Oslo Lyd</marcxchange:subfield><marcxchange:subfield code="f">9</marcxchange:subfield><marcxchange:subfield code="h">9</marcxchange:subfield><marcxchange:subfield code="x">2014-08-04T15:58+0200</marcxchange:subfield></marcxchange:datafield><marcxchange:datafield tag="850" ind1=" " ind2=" "><marcxchange:subfield code="a">2030251</marcxchange:subfield><marcxchange:subfield code="b">Oslo Lyd</marcxchange:subfield><marcxchange:subfield code="f">9</marcxchange:subfield><marcxchange:subfield code="h">9</marcxchange:subfield><marcxchange:subfield code="x">2014-08-04T15:58+0200</marcxchange:subfield></marcxchange:datafield><marcxchange:datafield tag="850" ind1=" " ind2=" "><marcxchange:subfield code="a">2030251</marcxchange:subfield><marcxchange:subfield code="b">Oslo Lyd</marcxchange:subfield><marcxchange:subfield code="f">9</marcxchange:subfield><marcxchange:subfield code="h">9</marcxchange:subfield><marcxchange:subfield code="x">2014-08-04T15:58+0200</marcxchange:subfield></marcxchange:datafield><marcxchange:datafield tag="850" ind1=" " ind2=" "><marcxchange:subfield code="a">2030251</marcxchange:subfield><marcxchange:subfield code="b">Oslo Lyd</marcxchange:subfield><marcxchange:subfield code="f">9</marcxchange:subfield><marcxchange:subfield code="h">9</marcxchange:subfield><marcxchange:subfield code="x">2014-08-04T15:58+0200</marcxchange:subfield></marcxchange:datafield><marcxchange:datafield tag="850" ind1=" " ind2=" "><marcxchange:subfield code="a">2030251</marcxchange:subfield><marcxchange:subfield code="b">Oslo Lyd</marcxchange:subfield><marcxchange:subfield code="f">9</marcxchange:subfield><marcxchange:subfield code="h">9</marcxchange:subfield><marcxchange:subfield code="x">2014-08-04T15:58+0200</marcxchange:subfield></marcxchange:datafield><marcxchange:datafield tag="850" ind1=" " ind2=" "><marcxchange:subfield code="a">2030251</marcxchange:subfield><marcxchange:subfield code="b">Oslo Lyd</marcxchange:subfield><marcxchange:subfield code="f">9</marcxchange:subfield><marcxchange:subfield code="h">9</marcxchange:subfield><marcxchange:subfield code="x">2014-08-04T15:58+0200</marcxchange:subfield></marcxchange:datafield><marcxchange:datafield tag="850" ind1=" " ind2=" "><marcxchange:subfield code="a">2030251</marcxchange:subfield><marcxchange:subfield code="b">Oslo Lyd</marcxchange:subfield><marcxchange:subfield code="f">9</marcxchange:subfield><marcxchange:subfield code="h">9</marcxchange:subfield><marcxchange:subfield code="x">2014-08-04T15:58+0200</marcxchange:subfield></marcxchange:datafield><marcxchange:datafield tag="850" ind1=" " ind2=" "><marcxchange:subfield code="a">2030251</marcxchange:subfield><marcxchange:subfield code="b">Oslo Lyd</marcxchange:subfield><marcxchange:subfield code="f">9</marcxchange:subfield><marcxchange:subfield code="h">9</marcxchange:subfield><marcxchange:subfield code="x">2014-08-04T15:58+0200</marcxchange:subfield></marcxchange:datafield><marcxchange:datafield tag="850" ind1=" " ind2=" "><marcxchange:subfield code="a">2030251</marcxchange:subfield><marcxchange:subfield code="b">Oslo Lyd</marcxchange:subfield><marcxchange:subfield code="f">9</marcxchange:subfield><marcxchange:subfield code="h">9</marcxchange:subfield><marcxchange:subfield code="x">2014-08-04T15:58+0200</marcxchange:subfield></marcxchange:datafield><marcxchange:datafield tag="850" ind1=" " ind2=" "><marcxchange:subfield code="a">2030251</marcxchange:subfield><marcxchange:subfield code="b">Oslo Lyd</marcxchange:subfield><marcxchange:subfield code="f">9</marcxchange:subfield><marcxchange:subfield code="h">9</marcxchange:subfield><marcxchange:subfield code="x">2014-08-04T15:58+0200</marcxchange:subfield></marcxchange:datafield><marcxchange:datafield tag="850" ind1=" " ind2=" "><marcxchange:subfield code="a">2030251</marcxchange:subfield><marcxchange:subfield code="b">Oslo Lyd</marcxchange:subfield><marcxchange:subfield code="f">9</marcxchange:subfield><marcxchange:subfield code="h">9</marcxchange:subfield><marcxchange:subfield code="x">2014-08-04T15:58+0200</marcxchange:subfield></marcxchange:datafield><marcxchange:datafield tag="850" ind1=" " ind2=" "><marcxchange:subfield code="a">2030251</marcxchange:subfield><marcxchange:subfield code="b">Oslo Lyd</marcxchange:subfield><marcxchange:subfield code="f">9</marcxchange:subfield><marcxchange:subfield code="h">9</marcxchange:subfield><marcxchange:subfield code="x">2014-08-04T15:58+0200</marcxchange:subfield></marcxchange:datafield><marcxchange:datafield tag="850" ind1=" " ind2=" "><marcxchange:subfield code="a">2030251</marcxchange:subfield><marcxchange:subfield code="b">Oslo Lyd</marcxchange:subfield><marcxchange:subfield code="f">9</marcxchange:subfield><marcxchange:subfield code="h">9</marcxchange:subfield><marcxchange:subfield code="x">2014-08-04T15:58+0200</marcxchange:subfield></marcxchange:datafield><marcxchange:datafield tag="850" ind1=" " ind2=" "><marcxchange:subfield code="a">2030251</marcxchange:subfield><marcxchange:subfield code="b">Oslo Lyd</marcxchange:subfield><marcxchange:subfield code="f">9</marcxchange:subfield><marcxchange:subfield code="h">9</marcxchange:subfield><marcxchange:subfield code="x">2014-08-04T15:58+0200</marcxchange:subfield></marcxchange:datafield><marcxchange:datafield tag="850" ind1=" " ind2=" "><marcxchange:subfield code="a">2030251</marcxchange:subfield><marcxchange:subfield code="b">Oslo Lyd</marcxchange:subfield><marcxchange:subfield code="f">9</marcxchange:subfield><marcxchange:subfield code="h">9</marcxchange:subfield><marcxchange:subfield code="x">2014-08-04T15:58+0200</marcxchange:subfield></marcxchange:datafield><marcxchange:datafield tag="850" ind1=" " ind2=" "><marcxchange:subfield code="a">2030251</marcxchange:subfield><marcxchange:subfield code="b">Oslo Lyd</marcxchange:subfield><marcxchange:subfield code="f">9</marcxchange:subfield><marcxchange:subfield code="h">9</marcxchange:subfield><marcxchange:subfield code="x">2014-08-04T15:58+0200</marcxchange:subfield></marcxchange:datafield><marcxchange:datafield tag="850" ind1=" " ind2=" "><marcxchange:subfield code="a">2030251</marcxchange:subfield><marcxchange:subfield code="b">Oslo Lyd</marcxchange:subfield><marcxchange:subfield code="f">9</marcxchange:subfield><marcxchange:subfield code="h">9</marcxchange:subfield><marcxchange:subfield code="x">2014-08-04T15:58+0200</marcxchange:subfield></marcxchange:datafield><marcxchange:datafield tag="850" ind1=" " ind2=" "><marcxchange:subfield code="a">2030251</marcxchange:subfield><marcxchange:subfield code="b">Oslo Lyd</marcxchange:subfield><marcxchange:subfield code="f">9</marcxchange:subfield><marcxchange:subfield code="h">9</marcxchange:subfield><marcxchange:subfield code="x">2014-08-04T15:58+0200</marcxchange:subfield></marcxchange:datafield><marcxchange:datafield tag="850" ind1=" " ind2=" "><marcxchange:subfield code="a">2030251</marcxchange:subfield><marcxchange:subfield code="b">Oslo Lyd</marcxchange:subfield><marcxchange:subfield code="f">9</marcxchange:subfield><marcxchange:subfield code="h">9</marcxchange:subfield><marcxchange:subfield code="x">2014-08-04T15:58+0200</marcxchange:subfield></marcxchange:datafield><marcxchange:datafield tag="850" ind1=" " ind2=" "><marcxchange:subfield code="a">2030251</marcxchange:subfield><marcxchange:subfield code="b">Oslo Lyd</marcxchange:subfield><marcxchange:subfield code="f">9</marcxchange:subfield><marcxchange:subfield code="h">9</marcxchange:subfield><marcxchange:subfield code="x">2014-08-04T15:58+0200</marcxchange:subfield></marcxchange:datafield><marcxchange:datafield tag="850" ind1=" " ind2=" "><marcxchange:subfield code="a">2030251</marcxchange:subfield><marcxchange:subfield code="b">Oslo Lyd</marcxchange:subfield><marcxchange:subfield code="f">9</marcxchange:subfield><marcxchange:subfield code="h">9</marcxchange:subfield><marcxchange:subfield code="x">2014-08-04T15:58+0200</marcxchange:subfield></marcxchange:datafield><marcxchange:datafield tag="850" ind1=" " ind2=" "><marcxchange:subfield code="a">2030251</marcxchange:subfield><marcxchange:subfield code="b">Oslo Lyd</marcxchange:subfield><marcxchange:subfield code="f">9</marcxchange:subfield><marcxchange:subfield code="h">9</marcxchange:subfield><marcxchange:subfield code="x">2014-08-04T15:58+0200</marcxchange:subfield></marcxchange:datafield><marcxchange:datafield tag="850" ind1=" " ind2=" "><marcxchange:subfield code="a">2030251</marcxchange:subfield><marcxchange:subfield code="b">Oslo Lyd</marcxchange:subfield><marcxchange:subfield code="f">9</marcxchange:subfield><marcxchange:subfield code="h">9</marcxchange:subfield><marcxchange:subfield code="x">2014-08-04T15:58+0200</marcxchange:subfield></marcxchange:datafield><marcxchange:datafield tag="850" ind1=" " ind2=" "><marcxchange:subfield code="a">2030251</marcxchange:subfield><marcxchange:subfield code="b">Oslo Lyd</marcxchange:subfield><marcxchange:subfield code="f">9</marcxchange:subfield><marcxchange:subfield code="h">9</marcxchange:subfield><marcxchange:subfield code="x">2014-08-04T15:58+0200</marcxchange:subfield></marcxchange:datafield><marcxchange:datafield tag="856" ind1=" " ind2=" "><marcxchange:subfield code="u">URN:NBN:no-nb_nlb_</marcxchange:subfield><marcxchange:subfield code="s">216436674</marcxchange:subfield></marcxchange:datafield><marcxchange:datafield tag="996" ind1=" " ind2=" "><marcxchange:subfield code="u">http://websok.nlb.no/cgi-bin/websok?tnr=620907</marcxchange:subfield><marcxchange:subfield code="t">local</marcxchange:subfield></marcxchange:datafield></marcxchange:record></SRU:recordData><SRU:recordPosition>27</SRU:recordPosition></SRU:record>